2484 3938
177 201 230 274 ‘vr
479 207 685 260 enmrarrc
704 205 861 259 carrica,

168 422 170 434 ι
190 391 372 462 pervenerunt
390 389 520 444 cautem,
542 380 570 437 iu
585 398 618 438 eo
633 399 773 438 causarum
788 380 951 455 privatarum
972 393 1073 453 genere
1087 395 1148 436 ver-

191 477 294 532 santur,
310 468 382 524 hand
396 465 473 524 multi
490 466 601 521 luerunt
614 467 661 539 qui
675 466 765 522 studia
779 481 827 520 sua
836 464 1002 521 conterrent.
1025 462 1148 536 Contigit

190 562 281 610 tamen
295 552 334 608 eis
353 559 384 608 ut
397 550 537 624 egregium
552 567 644 606 rerum
659 550 781 605 oratione
790 548 992 621 ‘explicatorum
1006 543 1147 604 dictionis·

191 653 245 710 que
267 636 486 692 nanciscerentur
509 641 693 696 enarratorem
714 632 880 704 eundemque
902 632 1026 688 criticum
1041 630 1148 686 muneri

190 729 241 775 suo
250 735 342 793 parem
356 719 454 792 dccrg.
468 717 540 774 urit.
552 717 779 778 tercenarium,
795 733 811 772 a
826 732 880 788 quo
894 714 1024 774 derebus
1040 713 1150 788 quidem

189 803 369 877 inprimisque
391 803 424 858 de
440 802 498 858 iure
520 799 590 857 civili
605 801 649 856 via
666 817 737 856 unus
752 807 780 856 et
800 797 870 855 alter
883 797 994 855 relictus
1011 797 1088 854 loeus
1105 805 1151 853 est

191 887 238 960 qui
259 893 307 942 aut
329 887 493 943 accuratiore
514 885 706 940 retractatione
723 891 771 940 aut
783 883 951 940 correctione
971 882 1092 955 indigere
1110 881 1150 936 vi·

189 971 293 1026 deatur.
324 969 360 1026 lle
376 969 464 1025 verbis
475 975 565 1023 autem
579 967 651 1024 illius
668 967 786 1024 oratoris
803 967 1000 1041 perpurgaudis
1015 974 1096 1039 atque
1115 965 1150 1020 ad

188 1053 331 1128 pristinam
341 1053 457 1127 speciem
465 1052 620 1108 revocandis
634 1069 695 1109 cum
709 1052 810 1126 optime
823 1059 982 1107 meruerant
992 1051 1067 1110 Imm.
1081 1047 1150 1105 Beli-

189 1137 272 1194 iterus
286 1145 314 1193 et
330 1136 417 1192 critici
430 1135 602 1199 l'uriccnses,
621 1153 738 1210 quorum
752 1135 798 1192 ille
812 1135 840 1190 in
854 1134 907 1191 laec
922 1135 1008 1207 magis
1023 1151 1104 1207 quam
1121 1133 1151 1188 in
1230 1185 1231 1188 ,

189 1222 287 1278 ceteris
311 1219 464 1276 oratoribus
488 1228 618 1292 quantum
640 1220 741 1294 ingenii
764 1219 886 1276 acumine
901 1226 996 1292 posset
1015 1218 1150 1291 sagacita-

189 1312 272 1378 teque
298 1304 430 1366 ostendit,
457 1303 485 1358 hi
507 1304 597 1377 siquid
619 1304 652 1360 alt
666 1306 725 1361 viro
746 1303 794 1359 illo
813 1302 972 1360 doctissimo
992 1301 1150 1374 neglectum

188 1395 262 1444 esset
282 1388 432 1444 autminus
447 1394 522 1444 recte
537 1389 692 1444 institutum
716 1387 891 1461 expleverunt
905 1394 952 1442 aut
961 1393 1149 1447 correxerunt,

188 1479 248 1528 tum
263 1471 317 1528 hoc
331 1479 454 1545 tempore
468 1487 547 1527 nemo
563 1473 635 1545 quod
650 1473 732 1528 sciam
750 1472 778 1528 iu
794 1471 920 1528 omnibus
934 1471 1002 1528 lsaei
1017 1469 1149 1526 orationi-

188 1554 240 1610 hus
253 1555 424 1612 recensendis
446 1555 609 1628 mendisque
626 1556 789 1629 peculiarem
806 1572 917 1629 operam
935 1570 1083 1626 curamque
1098 1570 1150 1626 po·

187 1639 253 1694 snit.
281 1638 347 1694 Nam
362 1638 503 1694 llohsonus
518 1639 662 1696 Britannus
678 1640 705 1695 id
725 1640 782 1712 egit
794 1647 827 1695 ut
841 1638 973 1712 quidquid
986 1645 1060 1694 esset
1077 1653 1150 1694 ace·

187 1723 255 1778 teris
263 1721 458 1796 interpretibus
473 1723 505 1778 ad
520 1722 580 1778 illas
595 1722 771 1779 illustrandas
789 1722 899 1780 allatum
911 1721 1058 1795 diligenter
1070 1719 1150 1778 colli-

187 1814 280 1878 geret,
307 1821 370 1862 rero
394 1807 459 1880 quid
479 1807 513 1862 de
531 1823 641 1881 quoque
661 1806 722 1864 loco
744 1807 802 1881 ipsc
823 1808 937 1863 sentiret
956 1805 1149 1879 profiteretur:

187 1889 215 1944 id
230 1897 319 1947 tamen
331 1891 458 1948 utilitatis
470 1889 563 1948 attulit
575 1892 608 1948 ed
618 1893 768 1948 orationem
781 1891 849 1948 lsaei
863 1889 965 1948 rectius
980 1889 1150 1964 constituen-

186 1973 260 2038 dam,
285 1975 358 2048 quod
380 1975 481 2032 codicis
505 1975 601 2050 optimi
621 1975 771 2051 Grippsiani
790 1976 888 2032 iterum
913 1991 928 2029 a
949 1991 978 2029 se
999 1971 1107 2030 excussi
1120 1978 1150 2026 ct
1231 1982 1232 2054 j

102 2059 107 2068 “
186 2057 330 2114 Burneiani
353 2059 505 2130 scripturae
535 2058 741 2131 discrepantiam
765 2059 906 2131 evulgavit.
938 2057 1060 2112 Parisiua
1082 2071 1149 2111 vero

186 2141 269 2196 editio
284 2157 299 2196 a
313 2140 409 2196 Carolo
427 2141 541 2196 llullero
557 2141 769 2197 incuriosissime
782 2149 876 2198 curata
888 2157 949 2197 cum
964 2157 998 2195 ne
1012 2147 1149 2195 transver-

186 2239 245 2278 sum
259 2223 366 2296 quidem
376 2239 495 2296 unguem
504 2224 625 2280 discedat
639 2241 654 2280 a
666 2225 805 2281 'l'urioensi
815 2226 843 2280 in
857 2241 968 2281 censum
983 2221 1075 2278 venire
1091 2239 1149 2278 non

180 2314 288 2380 potest.
325 2306 377 2363 Sed
399 2323 488 2381 nuper
508 2308 671 2364 exstiterunt
692 2309 812 2381 quamvis
828 2309 907 2382 pauci
924 2308 970 2382 qui
987 2308 1016 2362 in
1031 2305 1148 2379 singulis

185 2389 253 2445 loeis
276 2389 443 2464 expoliendis
458 2392 632 2466 mendisque,
656 2389 755 2465 quidun
778 2393 806 2448 iu
828 2400 903 2448 tauta
926 2390 1148 2447 doctissimorum

186 2474 307 2529 virorum
318 2473 449 2530 industria
460 2493 491 2532 ac
506 2475 649 2548 diligentia
662 2484 751 2532 tamen
759 2475 902 2550 permultis
916 2475 1072 2547 inquinatae
1082 2482 1148 2530 sant

185 2557 255 2612 lseei
272 2557 423 2620 orationes,
446 2557 591 2615 liberandis
613 2559 707 2615 sedule
724 2559 903 2616 elaborarent.
932 2561 961 2614 ln
976 2557 1076 2631 quibus
1090 2573 1148 2612 non

186 2641 317 2698 mediocri
332 2641 410 2697 laude
420 2642 496 2715 digni
508 2651 572 2699 snut
584 2641 729 2707 llobraeus,
743 2644 887 2700 Britannus
895 2641 1147 2718 perspicacissimus
1186 2701 1194 2708 ,

184 2721 332 2797 (adversar.
353 2716 406 2784 vel.
428 2723 447 2781 l.
466 2744 494 2801 p.
512 2733 564 2791 286
581 2745 641 2800 sqq.
665 2735 693 2784 et
714 2734 783 2784 orat.
797 2728 853 2784 Att.
869 2727 909 2784 ed.
926 2725 1043 2782 [iubeor.
1062 2723 1103 2780 lV.
1118 2739 1146 2800 p.

183 2806 339 2882 ll-·llVl.),
353 2809 495 2883 llmperius
512 2809 633 2884 (opusco-
648 2829 676 2884 p.
691 2816 743 2871 279
759 2827 818 2885 sqq.
833 2819 862 2868 et
882 2809 957 2883 316).
972 2809 1147 2868 dientzuerus

183 2890 246 2964 (aot.
263 2893 359 2949 societ.
370 2893 487 2950 ¹draeoac
500 2894 531 2950 ll.
546 2911 573 2968 p.
585 2901 620 2955 99
632 2894 717 2967 adq),
732 2894 779 2950 lid.
793 2893 930 2951 leniolius
944 2892 1100 2966 (ohservatt.
1118 2892 1147 2948 in

182 2975 288 3045 Isaeum
307 2975 381 3052 lips.
395 2973 499 3053 luds),
523 2977 552 3034 G.
574 2979 605 3033 Α.
622 2977 791 3052 llirscltigius
813 2976 921 3050 (Philol.
939 2975 991 3032 vol.
1007 2976 1036 3040 V,
1053 2993 1079 3050 p.
1095 2981 1147 3036 θῇ

183 3059 252 3132 eqd:
269 3077 374 3133 peuces
394 3059 470 3118 locos
486 3059 613 3119 sollerter
631 3070 659 3118 et
674 3061 812 3124 alacriter,
832 3063 874 3120 uti
888 3061 973 3126 solet,
990 3059 1081 3134 attigit
1095 3058 1146 3116 Go-

182 3142 264 3201 hetus
286 3144 330 3202 uel
349 3145 377 3200 in
397 3145 476 3200 variis
495 3145 537 3201 rel
551 3146 579 3201 iu
595 3146 673 3202 noris
687 3145 858 3206 lectionibus.
893 3144 1040 3206 roronem
1055 3152 1145 3205 umen

182 3225 297 3285 Batavus
311 3228 547 3302 ingeniosissimus
556 3229 663 3304 »quique
673 3236 783 3303 praeter
800 3238 906 3287 cataros
927 3229 1045 3287 enuneat
1061 3228 1146 3286 Attici
1224 3299 1229 3310 .

183 3315 319 3370 sermonis
348 3319 473 3371 accurata
493 3315 651 3390 etcopiose
677 3313 789 3369 scientia
807 3315 943 3388 cognitam
961 3311 1074 3370 haberet
1097 3318 1145 3366 aut

183 3411 354 3468 cognoscere
373 3395 453 3452 vellet
470 3395 745 3470 BaiteriSauppiique
761 3395 987 3470 elegantissimam
1005 3401 1146 3456 oratorum

181 3477 335 3537 Atticorum
354 3479 513 3543 editionem,
535 3495 569 3538 ne
591 3497 660 3554 quae
681 3479 733 3537 iam
747 3481 855 3538 inventa
872 3485 1146 3553 nemorosusque
