2484 3938
210 177 252 245 ηρ
619 164 761 223 {mort
825 216 831 232 ,
1073 165 1126 219 σι.
1146 165 1170 216 1.

208 368 286 434 Ιριον
306 335 357 413 ὅτι
378 333 459 434 ρύδέ
482 339 589 411 ταύτα
612 341 757 429 ἔπραξεν
769 332 852 428 ἡμάς
873 335 1033 426 βλάπτειν
1050 335 1171 424 βουλό-

211 460 324 532 μενος
347 435 603 528 τελευτήσαντος
625 435 690 529 γάρ
707 445 846 513 Δεινίαν
863 441 920 510 καὶ
936 443 1004 510 τάν
1021 436 1171 527 πραγμά-

212 571 279 614 των
290 536 370 630 ἡμῖν
387 542 540 629 πονηρούς
551 535 694 628 ἐχόντων
709 535 791 614 ούδέ
808 545 976 630 περιεῖδεν
992 535 1076 628 ἡμᾶς
1088 533 1168 610 ούδ’

213 640 287 724 ἑνδς
310 645 435 722 ἐνδεεῖς
457 637 573 728 ὄντας,
591 634 670 708 ἄλλ’
695 635 817 721 αύτούς
833 641 896 730 μὲν
913 648 960 724 είς
976 637 1038 728 τὴν
1060 645 1172 714 olum

210 741 272 832 τὴν
289 737 395 814 αόταύ
406 738 621 830 κομισάμενος
634 742 805 830 ἐπαίδευε,
823 738 884 830 τὴν
902 737 939 812 δ’·
953 737 1074 812 ούσίαν
1089 737 1171 829 άφε-

211 847 329 914 λέσθαι
351 843 420 922 τεόν
440 839 592 932 χρήστων
610 837 920 928 ἐπιβουλευσάντων
934 848 1061 914 ἐσωσεν
1078 835 1171 930 ἡμῖν,

212 940 399 1034 ἐπεμελεῑτό
408 969 444 1012 τε
459 936 579 1030 ὁμοίως
596 943 665 1012 τόν
681 936 849 1033 ἡμετέρων
860 939 971 1034 ὥσπερ
986 945 1054 1024 τοῖν
1066 937 1174 1012 αύτού

161 1058 192 1110 13
208 1042 418 1136 πραγμάτων.
453 1049 560 1113 καίτοι
576 1037 638 1134 w}
655 1053 801 1134 θεωρεῖν
818 1039 925 1114 αύτού
940 1039 1001 1132 τὴν
1019 1041 1176 1116 διάνοιαν

211 1149 247 1216 ἐκ
268 1142 396 1214 τούτων
418 1145 485 1214 των
508 1149 616 1234 ἐρμων
642 1145 768 1232 μάλλον
790 1137 853 1232 ἢέ
832 1138 834 1150 ’
852 1172 873 1216 κ
836 1145 962 1217 ἐτοῖν
965 1148 1173 1261 διαθηκῶν,

210 1248 267 1316 καὶ
283 1249 470 1334 τεκμηρίοις
492 1246 636 1335 χρῆσθαι
653 1240 698 1333 μη
715 1260 783 1326 τοῖς
799 1241 872 1334 μετ’
894 1240 995 1336 ὀργῆς
1011 1256 1174 1337 πραχθεῖ-

211 1365 282 1433 σιν,
314 1348 350 1414 ἐν
377 1339 472 1424 οἷς”
449 1370 592 1426 απαντες
620 1342 818 1434 πεφύκαμεν
846 1340 1064 1463 ἁμαρτάνειν,
1094 1342 1173 1419 ἀλλ’

210 1441 272 1538 ἐφ’
292 1434 340 1516 ύν
357 1441 499 1537 ύστεροη
515 1442 667 1534 φανεράν
690 1442 752 1534 την
760 1441 873 1516 αύτον
862 1445 1042 1524 διάνοιαν
1061 1450 1174 1534 ἐποίη-

211 1569 278 1618 σεν.
321 1552 368 1616 ἔτι
390 1543 454 1635 γάρ
476 1548 601 1666 μάλλον
630 1549 757 1628 ἐντοῖς
780 1555 978 1630 τελευταίοις
1003 1547 1175 1635 ἐδήλωσεν

161 1665 193 1716 14
210 1676 254 1728 ως
278 1646 344 1736 εἶχε
367 1643 448 1769 πρὸς
470 1642 564 1768 ἡμᾶς,
611 1642 677 1735 ἤδη
700 1643 763 1738 μὰρ
785 1642 941 1732 άσθενων
963 1646 1088 1770 ταύτην
1109 1676 1175 1736 την

95 1813 98 1820 .
209 1747 310 1820 νόσον
334 1737 428 1838 ἐξης
453 1745 679 1837 ἐτελεύτησεν,
699 1747 867 1836 ἐβουλήθη
884 1745 1080 1829 ταύταςτὰς
1099 1753 1173 1818 δια-

209 1847 317 1938 θήκας
336 1844 472 1920 άνελεϊν
489 1851 544 1919 καὶ
562 1851 741 1940 προσέταξε
751 1855 893 1920 Ποσειδί
892 1875 968 1942 πιτμ
985 1847 1047 1936 τὴν
1055 1845 1175 1969 άρχην

210 1956 409 2039 εἰσαγαγεῖν.
445 1979 463 2020 ο
452 1945 576 2020 ε’δέ
537 1979 578 2020 ον
595 1947 699 2038 μόνον
716 1945 779 2020 ούκ
798 1948 989 2038 εἰσήγαγεν,
1013 1945 1109 2020 άλλά
1116 1951 1175 2020 καὶ

208 2049 270 2123 τόν
292 2049 436 2122 ἐλθόντα
459 2078 527 2119 των
550 2047 723 2140 άρχόντων
747 2044 854 2120 ἐπὶ
817 2079 878 2138 την
895 2049 1009 2141 θύραν
1025 2039 1173 2170 άπέπεμ-

179 2231 181 2235 ,
209 2165 281 2232 ψεν.
322 2147 492 2238 ὀργισθεὶς
522 2149 560 2218 δὲ
580 2147 687 2242 τούτω
709 2148 910 2240 Κλτύννμος
931 2149 1032 2223 πάλιν
1055 2154 1089 2234 ἐς
1111 2179 1174 2238 την

208 2245 389 2338 ὑστεραίαν
406 2258 545 2320 Διοκλεῖ
559 2251 696 2324 καλέσαι
712 2246 789 2329 τούς
806 2247 966 2341 ἄρχοντας
977 2254 1171 2342 προσέταξε·

196 2345 317 2420 'nal'
277 2377 338 2438 ουχ
351 2345 457 2429 οὕτως
474 2344 626 2429 άσθενως
640 2355 862 2442 διακείμενος,
881 2349 954 2422 ἄλλ’
974 2359 1021 2422 ἐτι
1039 2357 1174 2422 πολλων

209 2445 320 2520 ούσων
332 2453 477 2520 ἐλπίδων
488 2452 694 2538 ἐξαπίνης
652 2478 711 2538 της
723 2448 842 2532 νυκτός
853 2451 973 2541 ταύτης
990 2447 1172 2542 άπέθανεν.

159 2579 191 2631 15
284 2553 426 2641 Πρωτον
454 2550 515 2639 μὲν
537 2539 601 2622 ούν
622 2545 705 2640 ύμῖν
733 2554 912 2642 παρέξομαι
934 2551 1104 2642 μάρτυρας
1129 2581 1174 2634 ως

206 2645 269 2740 ούχ
293 2645 373 2740 ἡμῖν
398 2652 546 2740 ἐγκαλων
569 2646 652 2722 άλλδι
669 2659 789 2742 Δεινιᾳ
806 2656 959 2742 πολεμων
975 2651 1099 2734 ταύτας
1116 2649 1175 2734 τάς

193 2749 374 2840 διαθήκας
394 2753 584 2841 διέθετο,”
565 2778 678 2822 επειτα
701 2746 745 2832 ός
764 2723 893 2824 ἐκείνου
915 2751 1174 2842 τελευτησαντος

208 2849 397 2940 ἐπεμελεῑτό
420 2880 456 2922 τε
477 2856 551 2924 τοῖν
573 2847 755 2973 ἡμετέρων
765 2847 938 2944 ἁπάντων,
968 2855 1024 2924 καί
1048 2849 1174 2936 αύτούς

208 2953 447 3024 ἐπαίδευενί
416 2959 462 3034 εἰς
490 2981 632 3041 τηνκ
578 2948 632 3022 οίκ
633 2960 689 3024 ίαν
717 2980 779 3040 την
808 2947 914 3024 αύτού
942 2953 1173 3044 κομισάμενος,

206 3049 288 3141 πρὸς
318 3053 355 3122 δέ
384 3051 511 3134 τούτοις
539 3048 584 3133 ὦς
606 3059 837 3127 Ποσείδιππον
860 3061 1007 3144 ἐπεμψεν
1036 3053 1149 3126 ἐπὶ
1114 3084 1175 3126 τον

131 3183 133 3192 ’
206 3147 411 3246 αστννόμον,
440 3141 535 3234 οὗτος
564 3147 601 3222 δ’
628 3147 669 3222 ού
698 3151 801 3242 μόνον
831 3149 930 3238 αύτός
959 3151 1022 3226 ούκ
1047 3154 1174 3226 εἰσεκά-

207 3260 322 3342 λεσεν,
345 3249 427 3324 άλλά
450 3255 506 3322 καὶ
529 3249 672 3323 ἐλθόντα
690 3251 797 3322 ἐπὶ
761 3281 822 3342 την
838 3254 952 3345 θύραν
966 3253 1174 3347 Ἀρχωνίδην

159 3367 191 3420 16
207 3347 429 3442 ἀπέπεμψεν..
452 3347 507 3435 Ὡς
535 3343 598 3427 ούν
627 3348 739 3442 άληθη
768 3357 870 3442 λέγω,
899 3355 991 3426 κάλει
1014 3385 1071 3453 μοι
1094 3355 1175 3438 τούς

207 3479 383 3542 μαρτυρας.
