2484 3938
240 711 582 793 PRAEFATIO
617 711 880 790 ORITIOA.

169 1033 249 1084 Anno
268 1026 417 1100 superiore·
430 1024 501 1081 edidi
514 1014 771 1080 commentationem
786 1025 907 1082 criticam
921 1027 954 1084 de
973 1027 1040 1086 isaei

90 1111 257 1168 orationibus
278 1109 472 1184 programmati
487 1107 618 1182 gymnasii
633 1107 824 1164 Vitzthumiani
841 1110 914 1183 quod
927 1111 1040 1176 tiresiae

90 1203 129 1252 est
146 1197 290 1258 insertum,
312 1193 339 1250 in
356 1210 409 1267 qua
425 1210 485 1250 eum
504 1191 674 1265 quaestiones
689 1192 816 1265 quasdam
831 1193 909 1266 attigi
925 1212 992 1268 quae
1008 1197 1041 1254 ad

90 1279 238 1338 universam
252 1278 422 1352 pertinerent
436 1283 521 1332 artem
535 1275 655 1332 criticam
669 1276 697 1332 in
708 1277 760 1332 hoc
775 1284 884 1334 oratore
898 1285 972 1334 recte
986 1279 1041 1336 iac·

36 1359 37 1366 ’
89 1363 223 1425 uitandam,
241 1373 298 1418 tum
311 1361 473 1436 pertractavi
492 1359 658 1416 difficiliores
679 1359 784 1433 aliquot
797 1360 873 1418 locos
888 1369 915 1417 et
929 1379 1041 1438 eorrup-

89 1454 130 1503 tos
154 1448 264 1520 quidem
283 1463 336 1520 pro
354 1444 425 1500 virili
441 1452 519 1518 parte
541 1460 650 1517 operam
672 1444 732 1500 dedi
749 1451 781 1500 ut
804 1461 933 1502 sanarem.
968 1445 1036 1513 Quo.

89 1531 156 1587 m'am
170 1539 261 1586 autem
273 1530 451 1604 scriptionum
463 1527 682 1584 scholasticarum
694 1535 791 1584 natura
805 1529 859 1584 fert
868 1537 896 1585 et
907 1530 1040 1586 condicio.

89 1616 158 1671 utin
176 1631 326 1689 paucorum
341 1629 435 1670 manns
452 1612 574 1674 veniant,
593 1627 707 1684 eaquae
722 1611 755 1668 ab
769 1612 848 1668 initio
863 1612 938 1670 iliius
956 1613 1041 1670 libelli

90 1697 233 1772 disputavi,
256 1715 318 1754 oum
336 1697 364 1752 in
378 1698 437 1771 ipsa
450 1696 517 1752 lsaei
532 1696 650 1752 editione
665 1695 755 1752 locum
768 1696 868 1754 hahere
886 1697 1042 1754 viderentur

91 1799 164 1853 quam
179 1783 293 1840 maxime
304 1781 446 1842 idoneum,
463 1787 587 1852 repetere
598 1779 746 1841 constitui.
765 1779 802 1835 ita
815 1788 917 1842 tamen,
936 1788 967 1836 ut
980 1799 1042 1853 par·

90 1865 135 1922 tim
163 1883 290 1940 angerem
317 1882 349 1920 ea
369 1873 397 1920 et
423 1862 628 1937 amplificarem,
657 1861 756 1934 partim
780 1871 912 1918 mutarem
933 1872 962 1919 et
981 1881 1042 1920 cor·

92 1963 209 2021 rigerem.

488 2057 640 2070 ,κη-..ιι

168 2185 269 2244 Cumae
290 2184 469 2242 hereditariae
488 2200 550 2240 oum
570 2190 668 2240 natura
688 2201 738 2240 sue
760 2197 841 2256 saepe
862 2191 916 2240 tarn
930 2183 1047 2258 compli-

90 2275 161 2326 catae
170 2270 232 2326 'sint
248 2277 276 2326 et
291 2269 449 2332 intricatae,
469 2275 501 2328 ut
515 2285 561 2323 eas
581 2266 704 2324 evolvere
718 2274 747 2322 et
759 2267 885 2340 expedire
899 2269 1042 2327 admodum

90 2350 193 2410 dimone
207 2370 268 2410 esse
282 2353 418 2415 uideatur,
431 2352 530 2408 mirum
547 2367 604 2406 nou
618 2359 662 2406 est
676 2351 749 2424 quod
767 2351 795 2406 in
810 2351 879 2408 lsaei
888 2353 1041 2424 orationes.

35 2467 36 2474 .
89 2436 213 2508 equibus
226 2436 372 2510 pleraeque
386 2451 488 2497 omnes.
504 2451 572 2507 quae
585 2434 691 2508 quidem
702 2430 858 2507 integrae&
875 2435 907 2492 ad
920 2443 1042 2502 nostram

151 2597 180 2666 ¹⁸)
203 2601 310 2652 Orationi
332 2600 471 2650 undecimae
493 2615 552 2664 quae
574 2606 610 2648 est
631 2599 660 2648 de
681 2600 786 2660 Hagniae
807 2596 937 2648 hereditate
954 2598 1043 2662 aliquid

90 2663 168 2716 deesse
187 2675 209 2717 ct
227 2683 254 2718 er
272 2683 299 2718 eo
317 2673 413 2732 apparet
430 2667 502 2730 quod,
522 2681 575 2716 cum
591 2667 726 2730 promiserit
737 2672 803 2715 actor
815 2665 881 2714 sede
894 2665 1043 2714 facultatibus

91 2745 144 2794 qaae
162 2735 192 2784 ab
211 2735 353 2784 adversariis
371 2734 475 2783 celentur
486 2733 597 2812 deinceps
609 2734 725 2782 dicturum
744 2730 772 2796 (8
789 2739 821 2780 44.
840 2721 906 2780 attt’
923 2719 1043 2808 *r'r'qrsoor

90 2796 151 2864 cept
167 2799 225 2851 coir
241 2791 554 2864 παραιιιεπτομένωι
538 2794 597 2850 card
613 2791 720 2849 τούτων
742 2790 896 2863 ποιήσομαι
913 2790 979 2856 τοὺς
996 2791 1043 2847 λό-

90 2867 178 2931 roca),
202 2871 263 2918 ninid
280 2870 351 2918 tale
344 2883 370 2918 ιιι
386 2868 438 2931 ipra
462 2869 569 2918 oratione
584 2874 791 2918 commemoratum
807 2867 923 2929 repertun
940 2873 963 2916 et
979 2865 1043 2930 quod

90 2937 162 2984 oncis
179 2936 325 2988 desideratur
342 2936 468 2998 perorau‘o.
503 2935 578 2992 Quare
594 2935 658 2998 quod
681 2935 818 2984 auctoritate
835 2933 943 2984 codicum
960 2947 1043 2996 qnam·

90 2999 122 3048 ris
143 3003 285 3066 optimorum
306 3003 343 3051 AB
366 3003 438 3050 fretus
460 3004 572 3052 omiserat
592 3003 659 3051 dmm
677 3003 796 3052 Bekkems
818 3008 918 3049 extrema
936 3001 1043 3050 oratione

90 3067 266 3119 additamentam
286 3065 438 3125 ΛΕΙΠΕΙ,
461 3069 622 3118 detruncatam
643 3069 702 3118 illud
724 3069 817 3131 quidem
840 3067 966 3128 designans
988 3081 1043 3115 ora

90 3133 184 3193 tionem,
206 3142 272 3186 recto
289 3143 325 3184 est
341 3151 355 3184 a
372 3136 464 3185 criticis
481 3129 649 3186 Τιιιοοιιειιιιι
669 3141 811 3185 revocatum.
846 3135 996 3192 ιὶιιιιιιιοιι
1014 3147 1043 3182 ex

89 3209 263 3261 panetarium
284 3209 376 3254 sertata
398 3209 434 3254 eat
451 3218 465 3252 a
481 3204 594 3266 dionysio
615 3203 667 3254 Hal
692 3201 887 3265 (decretoribus
909 3199 998 3249 actv.
1016 3213 1041 3264 p.

90 3273 124 3317 ιιι
146 3284 197 3336 sqq.
221 3278 255 3328 et
266 3277 327 3322 orat.
351 3271 434 3320 Graec.
458 3270 505 3322 vlt.
520 3287 547 3350 p.
566 3277 603 3320 351
621 3284 671 3335 sqq.
689 3267 780 3334 meist.)
799 3269 873 3318 matio
890 3267 1044 3318 duodecimae

91 3337 182 3388 nomine
198 3337 277 3388 hodie
285 3343 398 3397 rusrgnrta
417 3343 440 3386 et
456 3338 541 3387 ceteris
558 3337 647 3386 adiecta
666 3336 811 3386 orationibus
828 3333 931 3396 integris,
950 3349 977 3383 ea
995 3347 1042 3382 non

91 3403 187 3461 pertinet
198 3406 227 3453 ad
237 3405 292 3454 lites
303 3403 471 3461 hereditarias
490 3403 533 3454 sed
546 3405 575 3454 ad
588 3417 682 3454 cansam
695 3402 837 3512 Euphileti
831 3417 856 3452 ιιι
869 3397 1043 3466 διαψηφίσει

93 3479 104 3513 ι
120 3471 218 3534 paramo
234 3473 312 3522 ιιιιιιι.
570 3491 574 3504 ·
